<record><leader>00000cas a22000007a 4500</leader><controlfield tag="001">22960616</controlfield><controlfield tag="008">910114c19919999ncudn ne      0    0eng d</controlfield><datafield ind1=" " ind2=" " tag="010"><subfield code="a">   91068516 </subfield></datafield><datafield ind1=" " ind2=" " tag="040"><subfield code="a">NCS</subfield><subfield code="b">eng</subfield><subfield code="c">NCS</subfield><subfield code="d">NVJ</subfield><subfield code="d">CUS</subfield><subfield code="d">OCLCQ</subfield></datafield><datafield ind1=" " ind2=" " tag="032"><subfield code="a">295900</subfield><subfield code="b">USPS</subfield></datafield><datafield ind1=" " ind2=" " tag="037"><subfield code="b">Kinston Free Press Co. Inc., 2103 N. Queen St., Kinston, N.C. 28501</subfield></datafield><datafield ind1=" " ind2=" " tag="042"><subfield code="a">msc</subfield></datafield><datafield ind1=" " ind2=" " tag="043"><subfield code="a">n-us-nc</subfield></datafield><datafield ind1="1" ind2="4" tag="050"><subfield code="a">Newspaper</subfield></datafield><datafield ind1="0" ind2=" " tag="130"><subfield code="a">Free press (Kinston, N.C.)</subfield></datafield><datafield ind1="1" ind2="4" tag="245"><subfield code="a">The free press.</subfield></datafield><datafield ind1="1" ind2="7" tag="246"><subfield code="a">Kinston daily free press</subfield></datafield><datafield ind1=" " ind2=" " tag="260"><subfield code="a">Kinston, N.C. :</subfield><subfield code="b">Kinston Free Press Co.</subfield></datafield><datafield ind1=" " ind2=" " tag="300"><subfield code="a">v. :</subfield><subfield code="b">ill. ;</subfield><subfield code="c">58 cm.</subfield></datafield><datafield ind1=" " ind2=" " tag="310"><subfield code="a">Daily (except Saturday)</subfield></datafield><datafield ind1="0" ind2=" " tag="362"><subfield code="a">Vol. 108, no. 240 (Jan. 6, 1991)-</subfield></datafield><datafield ind1=" " ind2=" " tag="752"><subfield code="a">United States</subfield><subfield code="b">North Carolina</subfield><subfield code="c">Lenoir</subfield><subfield code="d">Kinston.</subfield></datafield><datafield ind1="0" ind2="8" tag="776"><subfield code="i">Online version:</subfield><subfield code="t">Free press (Kinston, N.C. : Online)</subfield><subfield code="w">(DLC)   91068516</subfield><subfield code="w">(OCoLC)232114230</subfield></datafield><datafield ind1="0" ind2="0" tag="780"><subfield code="t">Kinston daily free press</subfield><subfield code="w">(DLC)sn 85042054</subfield><subfield code="w">(OCoLC)11716332</subfield></datafield></record>